<?xml version="1.0"?>
<marc:records xmlns:marc="http://www.loc.gov/MARC21/slim" xmlns:xsi="http://www.w3.org/2001/XMLSchema-instance" xsi:schemaLocation="http://www.loc.gov/MARC21/slim http://www.loc.gov/standards/marcxml/schema/MARC21slim.xsd">
  <marc:record>
    <marc:leader>04750ntm a2200409Ia 4500</marc:leader>
    <marc:controlfield tag="001">9977510241203681</marc:controlfield>
    <marc:controlfield tag="005">20190416164824.0</marc:controlfield>
    <marc:controlfield tag="008">190416q18381839it a          000 0 heb d</marc:controlfield>
    <marc:datafield ind1=" " ind2=" " tag="035">
  <marc:subfield code="a">(OCoLC)1097355274</marc:subfield>
</marc:datafield>
    <marc:datafield ind1=" " ind2=" " tag="035">
  <marc:subfield code="a">(OCoLC)on1097355274</marc:subfield>
</marc:datafield>
    <marc:datafield ind1=" " ind2=" " tag="040">
  <marc:subfield code="a">PAU</marc:subfield>
  <marc:subfield code="b">eng</marc:subfield>
  <marc:subfield code="c">PAU</marc:subfield>
  <marc:subfield code="e">dacs</marc:subfield>
  <marc:subfield code="d">PAU</marc:subfield>
</marc:datafield>
    <marc:datafield ind1=" " ind2="9" tag="099">
  <marc:subfield code="a">CAJS Rar Ms 490</marc:subfield>
</marc:datafield>
    <marc:datafield ind1="0" ind2="0" tag="245">
  <marc:subfield code="6">880-01</marc:subfield>
  <marc:subfield code="a">Tehilot H.:</marc:subfield>
  <marc:subfield code="b">v&#x323;e-hu limud le-lel shevi&#x2BB;i shel Pesah&#x323;,</marc:subfield>
  <marc:subfield code="f">1838-1839.</marc:subfield>
</marc:datafield>
    <marc:datafield ind1=" " ind2=" " tag="300">
  <marc:subfield code="a">43 leaves :</marc:subfield>
  <marc:subfield code="b">paper ;</marc:subfield>
  <marc:subfield code="c">197 x 135 (170 x 108) mm bound to 200 x 138 mm.</marc:subfield>
</marc:datafield>
    <marc:datafield ind1=" " ind2=" " tag="500">
  <marc:subfield code="a">Ms. codex.</marc:subfield>
</marc:datafield>
    <marc:datafield ind1=" " ind2=" " tag="524">
  <marc:subfield code="a">UPenn CAJS Rar Ms 490.</marc:subfield>
</marc:datafield>
    <marc:datafield ind1=" " ind2=" " tag="546">
  <marc:subfield code="a">In Hebrew.</marc:subfield>
</marc:datafield>
    <marc:datafield ind1="1" ind2=" " tag="561">
  <marc:subfield code="a">Presented to The Penn Libraries in 2018 by Joseph and Susan Moldovan (C'76).</marc:subfield>
</marc:datafield>
    <marc:datafield ind1=" " ind2="0" tag="650">
  <marc:subfield code="a">Passover</marc:subfield>
  <marc:subfield code="x">Liturgy</marc:subfield>
  <marc:subfield code="v">Texts.</marc:subfield>
</marc:datafield>
    <marc:datafield ind1=" " ind2="0" tag="650">
  <marc:subfield code="a">Jews</marc:subfield>
  <marc:subfield code="z">Italy</marc:subfield>
  <marc:subfield code="z">Gorizia (Province)</marc:subfield>
  <marc:subfield code="y">19th century.</marc:subfield>
</marc:datafield>
    <marc:datafield ind1=" " ind2="0" tag="651">
  <marc:subfield code="a">Gorizia (Italy)</marc:subfield>
  <marc:subfield code="x">History</marc:subfield>
  <marc:subfield code="v">Sources.</marc:subfield>
</marc:datafield>
    <marc:datafield ind1=" " ind2="7" tag="655">
  <marc:subfield code="a">Codices (bound manuscripts)</marc:subfield>
  <marc:subfield code="2">aat</marc:subfield>
</marc:datafield>
    <marc:datafield ind1=" " ind2="7" tag="655">
  <marc:subfield code="a">Liturgical texts.</marc:subfield>
  <marc:subfield code="2">aat</marc:subfield>
</marc:datafield>
    <marc:datafield ind1=" " ind2="7" tag="655">
  <marc:subfield code="a">Drawings (visual works)</marc:subfield>
  <marc:subfield code="2">aat</marc:subfield>
</marc:datafield>
    <marc:datafield ind1=" " ind2="0" tag="655">
  <marc:subfield code="a">Manuscripts, Hebrew</marc:subfield>
  <marc:subfield code="y">19th century.</marc:subfield>
</marc:datafield>
    <marc:datafield ind1="1" ind2="2" tag="700">
  <marc:subfield code="6">880-02</marc:subfield>
  <marc:subfield code="a">Najara, Israel ben Moses,</marc:subfield>
  <marc:subfield code="d">1555?-1625?</marc:subfield>
  <marc:subfield code="e">attributed name.</marc:subfield>
  <marc:subfield code="t">Lah&#x323;an or ha-ganuz.</marc:subfield>
</marc:datafield>
    <marc:datafield ind1="1" ind2=" " tag="700">
  <marc:subfield code="a">Moldovan, Joseph,</marc:subfield>
  <marc:subfield code="e">donor.</marc:subfield>
</marc:datafield>
    <marc:datafield ind1="1" ind2=" " tag="700">
  <marc:subfield code="a">Moldovan, Susan,</marc:subfield>
  <marc:subfield code="e">donor.</marc:subfield>
</marc:datafield>
    <marc:datafield ind1="2" ind2=" " tag="710">
  <marc:subfield code="a">Moldovan Family Judaica Collection (University of Pennsylvania)</marc:subfield>
  <marc:subfield code="5">PU</marc:subfield>
</marc:datafield>
    <marc:datafield ind1="0" ind2="0" tag="773">
  <marc:subfield code="t">Moldovan Family Judaica Collection (University of Pennsylvania)</marc:subfield>
</marc:datafield>
    <marc:datafield ind1=" " ind2=" " tag="852">
  <marc:subfield code="b">Library at the Herbert D. Katz Center for Advanced Judaic Studies</marc:subfield>
  <marc:subfield code="a">University of Pennsylvania</marc:subfield>
  <marc:subfield code="e">420 Walnut Street, Philadelphia, Pennsylvania 19106-3703.</marc:subfield>
  <marc:subfield code="j">CAJS Rar Ms 490</marc:subfield>
</marc:datafield>
    <marc:datafield ind1="0" ind2="0" tag="880">
  <marc:subfield code="6">245-01//r</marc:subfield>
  <marc:subfield code="a">&#x5EA;&#x5D4;&#x5DC;&#x5D5;&#x5EA; &#x5D4;:</marc:subfield>
  <marc:subfield code="b">&#x5D5;&#x5D4;&#x5D5;&#x5D0; &#x5DC;&#x5D9;&#x5DE;&#x5D5;&#x5D3; &#x5DC;&#x5DC;&#x5D9;&#x5DC; &#x5E9;&#x5D1;&#x5D9;&#x5E2;&#x5D9; &#x5E9;&#x5DC; &#x5E4;&#x5E1;&#x5D7;,</marc:subfield>
  <marc:subfield code="f">&#x5EA;&#x5E7;&#x5DC;"&#x5D8;.</marc:subfield>
</marc:datafield>
    <marc:datafield ind1="1" ind2="2" tag="880">
  <marc:subfield code="6">700-02//r</marc:subfield>
  <marc:subfield code="a">&#x5E0;&#x5D2;'&#x5D0;&#x5E8;&#x5D4;, &#x5D9;&#x5E9;&#x5E8;&#x5D0;&#x5DC; &#x5D1;&#x5DF; &#x5DE;&#x5E9;&#x5D4;,</marc:subfield>
  <marc:subfield code="d">1555?-1625?</marc:subfield>
  <marc:subfield code="e">&#x5DE;&#x5D9;&#x5D5;&#x5D7;&#x5E1; &#x5DC;&#x5D5;.</marc:subfield>
  <marc:subfield code="t">&#x5DC;&#x5D7;&#x5DF; &#x5D0;&#x5D5;&#x5E8; &#x5D4;&#x5D2;&#x5E0;&#x5D5;&#x5D6;.</marc:subfield>
</marc:datafield>
    <marc:datafield ind1="1" ind2=" " tag="880">
  <marc:subfield code="6">561-00//r</marc:subfield>
  <marc:subfield code="a">Formerly owned by Yitsh&#x323;ak&#x323; b.R. Yosef Morporgo (&#x5D9;&#x5E6;&#x5D7;&#x5E7; &#x5D1;"&#x5E8; &#x5D9;&#x5D5;&#x5E1;&#x5E3; &#x5DE;&#x5D5;&#x5E8;&#x5E4;&#x5D5;&#x5E8;&#x5D2;&#x5D5;; Hebrew inscription in ink inside front board); this was likely a member of the prominent Morpurgo family, with most members living in Gorizia and Trieste at this time.</marc:subfield>
</marc:datafield>
    <marc:datafield ind1=" " ind2=" " tag="880">
  <marc:subfield code="6">520-00//r</marc:subfield>
  <marc:subfield code="a">This is a manuscript of liturgy formulated for recitation on the seventh day of Passover, the day celebrated for the crossing of the Israelites through the Red Sea. Portions of the recitational material is taken from the Pentateuch, the entire Song of Songs, Joshua 10, and portions from Kings, Psalms (including the entire order of the Song of Ascents), and portions from the Books of Chronicles. Following this portion is a poem by R. Israel ben Moses Najara (Damascus 1555-Gaza 1625) called Lah&#x323;an or ha-ganuz (f. 26r-72r). Following is the entire tractate of Pesah&#x323;im and H&#x323;agigah, and then Avot 4:4 (about the ten miracles of the Plagues in Egypt and ten miracles in the salvation of Israel on the Red Sea) and Sotah 5:4 (about Israel reciting the Song of the Sea in recitation with Moses). Following is a poem attributed to a "Malka Shalom" (&#x5DE;&#x5DC;&#x5DB;&#x5D0; &#x5E9;&#x5DC;&#x5D5;&#x5DD;) in alphabetical order (f. 38r-39r). Following is a portion of the Zohar H&#x323;adash from the Song of Songs, and afterword from the Mekhilta. The final page of the manuscript is the poem Yedid nefesh, called as Pizmon na&#x2BC;eh; this poem was printed for the first time in in a volume (Sefer h&#x323;aredim, Venice: Daniel Zanetti, 1600-1601) by R. Eleazar Azikri (Safed 1533-1600). The manuscript is written with 23 to 26 lines ruled for 23 long lines in hardpoint with standard indents; pricking visible on many leaves. The scribe used a Ashkenazic square script, mostly vocalized; unvocalized portion is the elements from the Zohar H&#x323;adash and the Mekhilta (f. 39r-43v). The manuscript is illustrated with a bowl of fruit (f. 9r), a dove and an olive branch (f. 16v), a crow (f. 25v) and another fruit bowl (f. 37r). Bound in the original rough grey boards with paper covers and a leather spine. Written in Gorizia, today a town and commune in the region of Friuli Venezia Giulia in northeastern Italy in 1838-1839 by a scribe who wanted to consolidate the liturgy minhag for the seventh day of Passover from printed Sidurim, according to a note on the title page (f. 1r).</marc:subfield>
</marc:datafield>
    <marc:datafield ind1=" " ind2=" " tag="948">
  <marc:subfield code="h">HELD BY PAU - 0 OTHER HOLDINGS</marc:subfield>
</marc:datafield>
    <marc:datafield ind1=" " ind2=" " tag="994">
  <marc:subfield code="a">Z0</marc:subfield>
  <marc:subfield code="b">PAU</marc:subfield>
</marc:datafield>
    <marc:datafield ind1=" " ind2=" " tag="996">
  <marc:subfield code="a">hinge-right</marc:subfield>
</marc:datafield>
    <marc:holdings>
      <marc:holding>
        <marc:holding_id>22584994970003681</marc:holding_id>
        <marc:call_number>CAJS Rar Ms 490</marc:call_number>
        <marc:library>KatzLib</marc:library>
        <marc:location>cjsrarms</marc:location>
      </marc:holding>
    </marc:holdings>
  </marc:record>
</marc:records>
